01REMESSA01COBRANCA       3206270272          SOCIEDADE BRASILEIRA DE ZOOLOG104C ECON FEDERAL 140715                                                                                                                                                                                                                                                                                                 00001000001
1010001234567891032062702722000000000000000000000000000014000000000000123                                 0101000000000014071500000000199901040000001N140715020000000000000000000000000000000000000000000000000000000000000100012345678901PABLO DIEGO JOSE FRANCISCO DE PAULA JUANRUA RIO GRANDE DO SUL SAO PAULO MINAS CASAO JOSE DOS12345678SANTA RITA DE CSP0000000000000000                      00601000002
9                                                                                                                                                                                                                                                                                                                                                                                                         000003
